@article{gonzalez2017capturing,
  title={Capturing the patient’s perspective: a review of advances in natural language processing of health-related text},
  author={Gonzalez-Hernandez, G and Sarker, A and O’Connor, K and Savova, G},
  journal={Yearbook of medical informatics},
  volume={26},
  number={01},
  pages={214--227},
  year={2017},
  publisher={Georg Thieme Verlag KG}
}

@article{lee2017semeval,
  title={MIT at SemEval-2017 Task 10: Relation Extraction with Convolutional Neural Networks},
  author={Lee, Ji Young and Dernoncourt, Franck and Szolovits, Peter},
  journal={arXiv preprint arXiv:1704.01523},
  year={2017}
}

@inproceedings{liu2017mayonlp,
  title={MayoNLP at SemEval 2017 Task 10: Word Embedding Distance Pattern for Keyphrase Classification in Scientific Publications},
  author={Liu, Sijia and Shen, Feichen and Chaudhary, Vipin and Liu, Hongfang},
  booktitle={Proceedings of the 11th International Workshop on Semantic Evaluation (SemEval-2017)},
  pages={956--960},
  year={2017}
}

@inproceedings{schnabel2015evaluation,
  title={Evaluation methods for unsupervised word embeddings},
  author={Schnabel, Tobias and Labutov, Igor and Mimno, David and Joachims, Thorsten},
  booktitle={Proceedings of the 2015 Conference on Empirical Methods in Natural Language Processing},
  pages={298--307},
  year={2015}
}

@article{luciano2017versiones,
  title={Versiones provisionales del cap{\'\i}tulo de la CIE-11 sobre los trastornos mentales},
  author={Luciano, Mario},
  journal={Actas Espa{\~n}olas de Psiquiatr{\'\i}a},
  volume={45},
  number={2},
  pages={86--88},
  year={2017}
}

@article{saladrigas2004sistema,
  title={El sistema de clasificaci{\'o}n ATC de sustancias farmac{\'e}uticas para uso humano},
  author={Saladrigas, Mar{\'\i}a Ver{\'o}nica},
  journal={Panace},
  volume={5},
  number={15},
  pages={59},
  year={2004}
}

@inproceedings{singh2013joint,
  title={Joint inference of entities, relations, and coreference},
  author={Singh, Sameer and Riedel, Sebastian and Martin, Brian and Zheng, Jiaping and McCallum, Andrew},
  booktitle={Proceedings of the 2013 workshop on Automated knowledge base construction},
  pages={1--6},
  year={2013},
  organization={ACM}
}
@article{li2017neural,
  title={A neural joint model for entity and relation extraction from biomedical text},
  author={Li, Fei and Zhang, Meishan and Fu, Guohong and Ji, Donghong},
  journal={BMC bioinformatics},
  volume={18},
  number={1},
  pages={198},
  year={2017},
  publisher={BioMed Central}
}

@article{cho2014learning,
  title={Learning phrase representations using RNN encoder-decoder for statistical machine translation},
  author={Cho, Kyunghyun and Van Merri{\"e}nboer, Bart and Gulcehre, Caglar and Bahdanau, Dzmitry and Bougares, Fethi and Schwenk, Holger and Bengio, Yoshua},
  journal={arXiv preprint arXiv:1406.1078},
  year={2014}
}

@article{shickel2017deep,
  title={Deep EHR: A Survey of Recent Advances in Deep Learning Techniques for Electronic Health Record (EHR) Analysis},
  author={Shickel, Benjamin and Tighe, Patrick James and Bihorac, Azra and Rashidi, Parisa},
  journal={IEEE Journal of Biomedical and Health Informatics},
  year={2017},
  publisher={IEEE}
}

@article{gers1999learning,
  title={Learning to forget: Continual prediction with LSTM},
  author={Gers, Felix A and Schmidhuber, J{\"u}rgen and Cummins, Fred},
  year={1999},
  publisher={IET}
}
@inproceedings{blum1998combining,
  title={Combining labeled and unlabeled data with co-training},
  author={Blum, Avrim and Mitchell, Tom},
  booktitle={Proceedings of the eleventh annual conference on Computational learning theory},
  pages={92--100},
  year={1998},
  organization={ACM}
}

@article{srivastava2014dropout,
  title={Dropout: A simple way to prevent neural networks from overfitting},
  author={Srivastava, Nitish and Hinton, Geoffrey and Krizhevsky, Alex and Sutskever, Ilya and Salakhutdinov, Ruslan},
  journal={The Journal of Machine Learning Research},
  volume={15},
  number={1},
  pages={1929--1958},
  year={2014},
  publisher={JMLR. org}
}

@article{hochreiter1997long,
  title={Long short-term memory},
  author={Hochreiter, Sepp and Schmidhuber, J{\"u}rgen},
  journal={Neural computation},
  volume={9},
  number={8},
  pages={1735--1780},
  year={1997},
  publisher={MIT Press}
}

@inproceedings{blum1998combining,
  title={Combining labeled and unlabeled data with co-training},
  author={Blum, Avrim and Mitchell, Tom},
  booktitle={Proceedings of the eleventh annual conference on Computational learning theory},
  pages={92--100},
  year={1998},
  organization={ACM}
}

@article{quan2014unsupervised,
  title={An unsupervised text mining method for relation extraction from biomedical literature},
  author={Quan, Changqin and Wang, Meng and Ren, Fuji},
  journal={PloS one},
  volume={9},
  number={7},
  pages={e102039},
  year={2014},
  publisher={Public Library of Science}
}

@article{medina2018building,
  title={Building a Spanish/Catalan Health Records Corpus with Very Sparse Protected Information Labelled},
  author={Medina, Salvador and Turmo, Jordi},
  journal={MultilingualBIO: Multilingual Biomedical Text Processing},
  pages={1},
  year={2018}
}

@inproceedings{overview_tass2018,
        author          = "Mart\'{i}nez-C\'{a}mara, Eugenio and
Almeida-Cruz, Yudivi\'{a}n and D\'{i}az-Galiano, Manuel C. and
Est\'{e}vez-Velarde, Suilan and Garc\'{i}a-Cumbreras, Miguel \'{A}.
and Garc\'{i}a-Vega, Manuel and Guti\'{e}rrez, Yoan and Montejo-
R\'{a}ez, Arturo and Montoyo, Andr\'{e}s and Mu\~{n}oz, Rafael and
Piad-Morffis, Alejandro and Villena-Rom\'{a}n, Julio",
        title           = "Overview of {TASS} 2018: Opinions, Health
and Emotions",
        booktitle       = "Proceedings of {TASS} 2018: Workshop on Semantic
Analysis at SEPLN (TASS 2018)",
        editor          = "Mart\'{i}nez-C\'{a}mara, Eugenio and
Almeida Cruz, Yudivi\'{a}n and D\'{i}az-Galiano, Manuel C. and
Est\'{e}vez Velarde, Suilan and Garc\'{i}a-Cumbreras, Miguel \'{A}.
and Garc\'{i}a-Vega, Manuel and Guti\'{e}rrez V\'{a}zquez, Yoan and
Montejo R\'{a}ez, Arturo and Montoyo Guijarro, Andr\'{e} and
Mu\~{n}oz Guillena, Rafael and Piad Morffis, Alejandro and Villena-
Rom\'{a}n, Julio",
        volume          = "2172",
        series          = "CEUR Workshop Proceedings",
        address = "Sevilla, Spain",
        publisher       = "CEUR-WS",
        year            = "2018",
        month           = "September",
}



@misc{cardellinoSBWCE,
     author = {Cardellino, Cristian},
     title = {Spanish {B}illion {W}ords {C}orpus and {E}mbeddings},
     url = {https://crscardellino.github.io/SBWCE/},
     month = {March},
     year = {2016}
}